<?xml version="1.0" encoding="UTF-8"?><collection xmlns="http://www.loc.gov/MARC21/slim"><record><leader>00515nam--2200181-i-4500</leader><controlfield tag="001">000014678</controlfield><controlfield tag="002">20161230</controlfield><controlfield tag="005">20161230201030</controlfield><controlfield tag="008">060222s1000------------r-----000-0-eng-d</controlfield><datafield ind1=" " ind2=" " tag="040"><subfield code="a">IFIN-HH</subfield></datafield><datafield ind1=" " ind2=" " tag="080"><subfield code="a">538.9:548.0:537.222.22</subfield></datafield><datafield ind1="1" ind2=" " tag="100"><subfield code="a">Beam, Walter R</subfield></datafield><datafield ind1="1" ind2="0" tag="245"><subfield code="a">Electronics of solids</subfield><subfield code="c">Walter r. beam</subfield></datafield><datafield ind1=" " ind2=" " tag="260"><subfield code="a">New York</subfield><subfield code="b">Mcgraw-hill Book Company</subfield><subfield code="c">1965</subfield></datafield><datafield ind1=" " ind2=" " tag="300"><subfield code="a">XVII+633P</subfield></datafield><datafield ind1=" " ind2=" " tag="490"><subfield code="a">Mcgraw-hill Pyisical And Quantum Electronics Series</subfield></datafield><datafield ind1=" " ind2=" " tag="852"><subfield code="a">22049</subfield><subfield code="c">539.2</subfield></datafield><datafield ind1=" " ind2=" " tag="CAT"><subfield code="a">Sys</subfield><subfield code="c">20121011</subfield><subfield code="h">173808</subfield></datafield></record></collection>